@misc{mustermann2019hello,
  author = {Mustermann, Max and Doe, John},
  title = {Hello World},
  year = {2019},
}
